@book{walker2017we,
  author = {Walker, Matthew},
  title = {Why We Sleep: Unlocking the Power of Sleep and Dreams},
  publisher = {Scribner},
  year = {2017},
  address = {New York},
  isbn = {978-1501144318}
}

@article{berry2012rules,
  author = {Berry, Richard B. and Budhiraja, Rohit and Gottlieb, Daniel J. and Gozal, David and Iber, Conrad and Kapur, Vishesh K. and Marcus, Carole L. and Mehra, Reena and Parthasarathy, Sairam and Quan, Stuart F. and Redline, Susan and Strohl, Kingman P. and Davidson Ward, Sarah L. and Tangredi, Michelle M.},
  title = {Rules for Scoring Respiratory Events in Sleep: Update of the 2007 AASM Manual for the Scoring of Sleep and Associated Events},
  journal = {Journal of Clinical Sleep Medicine},
  volume = {8},
  number = {5},
  pages = {597--619},
  year = {2012},
  doi = {10.5664/jcsm.2172}
}

@article{sadeh2011role,
  author = {Sadeh, Avi},
  title = {The Role and Validity of Actigraphy in Sleep Medicine: An Update},
  journal = {Sleep Medicine Reviews},
  volume = {15},
  number = {4},
  pages = {259--267},
  year = {2011},
  doi = {10.1016/j.smrv.2010.10.001}
}

@article{ancoli2003role,
  author = {Ancoli-Israel, Sonia and Cole, Roger and Alessi, Cathy and Chambers, Mark and Moorcroft, William and Pollak, Charles P.},
  title = {The Role of Actigraphy in the Study of Sleep and Circadian Rhythms},
  journal = {Sleep},
  volume = {26},
  number = {3},
  pages = {342--392},
  year = {2003},
  doi = {10.1093/sleep/26.3.342}
}

@article{cole1992automatic,
  author = {Cole, Roger J. and Kripke, Daniel F. and Gruen, William and Mullaney, Daniel J. and Gillin, J. Christian},
  title = {Automatic Sleep/Wake Identification from Wrist Activity},
  journal = {Sleep},
  volume = {15},
  number = {5},
  pages = {461--469},
  year = {1992},
  doi = {10.1093/sleep/15.5.461}
}

@article{sadeh1994activity,
  author = {Sadeh, Avi and Sharkey, Katherine M. and Carskadon, Mary A.},
  title = {Activity-Based Sleep-Wake Identification: An Empirical Test of Methodological Issues},
  journal = {Sleep},
  volume = {17},
  number = {3},
  pages = {201--207},
  year = {1994},
  doi = {10.1093/sleep/17.3.201}
}

@article{smith2018use,
  author = {Smith, Michael T. and McCrae, Christina S. and Cheung, Jasmine and Martin, Jennifer L. and Harrod, Christopher G. and Heald, Jessica L. and Carden, Kimberly A.},
  title = {Use of Actigraphy for the Evaluation of Sleep Disorders and Circadian Rhythm Sleep-Wake Disorders: An American Academy of Sleep Medicine Systematic Review, Meta-Analysis, and GRADE Assessment},
  journal = {Journal of Clinical Sleep Medicine},
  volume = {14},
  number = {7},
  pages = {1209--1230},
  year = {2018},
  doi = {10.5664/jcsm.7228}
}

@article{meltzer2012direct,
  author = {Meltzer, Lisa J. and Walsh, Catherine M. and Traylor, Jodi and Westin, Allison M.},
  title = {Direct Comparison of Two New Actigraphs and Polysomnography in Children and Adolescents},
  journal = {Sleep},
  volume = {35},
  number = {1},
  pages = {159--166},
  year = {2012},
  doi = {10.5665/sleep.1608}
}

@article{hickey2021smart,
  author = {Hickey, Brodie A. and Chalmers, Tahnee and Newton, Paul and Lin, Chin-Teng and Sibbritt, David and McLachlan, Craig S. and Clifton, David and Searles, Andrew and Fairley, James and Boyle, Joel and Huang, Ying and Lal, Sunil},
  title = {Smart Devices and Wearable Technologies to Detect and Monitor Mental Health Conditions and Stress: A Systematic Review},
  journal = {Sensors},
  volume = {21},
  number = {10},
  pages = {3461},
  year = {2021},
  doi = {10.3390/s21103461}
}

@article{beattie2017estimation,
  author = {Beattie, Zoe and Oyang, Yilun and Statan, Adam and Ghoreyshi, Amir and Pantelopoulos, Alexandros and Russell, Alex and Heneghan, Conor},
  title = {Estimation of Sleep Stages in a Healthy Adult Population from Optical Plethysmography and Accelerometer Signals},
  journal = {Physiological Measurement},
  volume = {38},
  number = {11},
  pages = {1968--1979},
  year = {2017},
  doi = {10.1088/1361-6579/aa9047}
}

@misc{jin2023time,
  author = {Jin, Ming and Wang, Shiyu and Ma, Lintao and Chu, Zhixuan and Zhang, James Y. and Shi, Xinyang and Chen, Pin-Yu and Liang, Yuxuan and Li, Yuan-Fang and Pan, Shirui and Wen, Qingsong},
  title = {Time-LLM: Time Series Forecasting by Reprogramming Large Language Models},
  year = {2023},
  eprint = {2310.01728},
  archivePrefix = {arXiv},
  primaryClass = {cs.LG}
}

@misc{zhou2023onellm,
  author = {Zhou, Ce and Li, Qian and Li, Chen and Yu, Jun and Liu, Yixin and Wang, Guangjing and Zhang, Kai and Ji, Cheng and Yan, Qiben and He, Lifang and Peng, Hao and Li, Jianxin and Wu, Jia and Liu, Ziwei and Xie, Pengtao and Xiong, Caiming and Pei, Jian and Yu, Philip S. and Sun, Lichao},
  title = {A Comprehensive Survey on Pretrained Foundation Models: A History from BERT to ChatGPT},
  year = {2023},
  eprint = {2302.09419},
  archivePrefix = {arXiv},
  primaryClass = {cs.CL}
}

@article{martin2011wrist,
  author = {Martin, Jennifer L. and Hakim, Adam D.},
  title = {Wrist Actigraphy},
  journal = {Chest},
  volume = {139},
  number = {6},
  pages = {1514--1527},
  year = {2011},
  doi = {10.1378/chest.10-1872}
}

@article{cellini2013direct,
  author = {Cellini, Nicola and Buman, Matthew P. and McDevitt, Elizabeth A. and Ricker, Ashley A. and Mednick, Sara C.},
  title = {Direct Comparison of Two Actigraphy Devices with Polysomnographically Recorded Naps in Healthy Young Adults},
  journal = {Chronobiology International},
  volume = {30},
  number = {5},
  pages = {691--698},
  year = {2013},
  doi = {10.3109/07420528.2013.782312}
}

@article{koesmahargyo2019accuracy,
  author = {Kosmadopoulos, Anastasi and Sargent, Charli and Darwent, David and Zhou, Xuan and Roach, Gregory D.},
  title = {Alternatives to Polysomnography for the Assessment of Sleep in Shift Workers: A Systematic Review},
  journal = {Sleep Medicine Reviews},
  volume = {43},
  pages = {81--91},
  year = {2019},
  doi = {10.1016/j.smrv.2018.10.004}
}

@article{loewy2020music,
  author = {Loewy, Joanne},
  title = {Music Therapy as a Potential Intervention for Sleep Improvement},
  journal = {Nature and Science of Sleep},
  volume = {12},
  pages = {1--9},
  year = {2020},
  doi = {10.2147/NSS.S194937}
}

@article{lamond2003impact,
  author = {Lamond, Nicole and Dorrian, Jillian and Roach, Gregory D. and McCulloch, Kerry and Holmes, Alison L. and Burgess, Helen J. and Fletcher, Amanda and Dawson, Drew},
  title = {The Impact of a Week of Simulated Night Work on Sleep, Circadian Phase, and Performance},
  journal = {Occupational and Environmental Medicine},
  volume = {60},
  number = {11},
  pages = {e13},
  year = {2003},
  doi = {10.1136/oem.60.11.e13}
}

@article{edinger2003subtyping,
  author = {Edinger, Jack D. and Krystal, Andrew D.},
  title = {Subtyping Primary Insomnia: Is Sleep State Misperception a Distinct Clinical Entity?},
  journal = {Sleep Medicine Reviews},
  volume = {7},
  number = {3},
  pages = {203--214},
  year = {2003},
  doi = {10.1016/S1087-0792(02)00090-2}
}

@article{wang2022sleep,
  author = {Wang, Hailin and Li, Xiaoxu and Li, Jie and Gao, Yuqi and Li, Weidong and Zhao, Xiaoli and Chen, Jie and Liu, Lin},
  title = {Sleep, Short-Term Memory, and Mood States of Volunteers with Increasing Altitude},
  journal = {Frontiers in Psychiatry},
  volume = {13},
  pages = {952399},
  year = {2022},
  doi = {10.3389/fpsyt.2022.952399}
}

@article{chang2018sleep,
  author = {Chang-Lit, Wendy and Loewy, Joanne and Fox, Jennifer and Grabscheid, Eran and Fogel, Joshua},
  title = {Project Sleep: The Role and Effect of a Comprehensive, Multidisciplinary Music Therapy Quality Improvement Program},
  journal = {Journal of Sleep Disorders Research},
  volume = {1},
  number = {2},
  pages = {26--41},
  year = {2018}
}
