@article{collier2004greed,
  title={Greed and grievance in civil war},
  author={Collier, Paul and Hoeffler, Anke},
  journal={Oxford Economic Papers},
  volume={56},
  number={4},
  pages={563--595},
  year={2004},
  publisher={Oxford University Press}
}

@article{fearon2003ethnicity,
  title={Ethnicity, insurgency, and civil war},
  author={Fearon, James D. and Laitin, David D.},
  journal={American Political Science Review},
  volume={97},
  number={1},
  pages={75--90},
  year={2003},
  publisher={Cambridge University Press}
}